@article{abs-2303-06676,
  author       = {Bohan Li and
                  Shaowei Cai},
  title        = {Local Search For {SMT} On Linear and Multilinear Real Arithmetic},
  journal      = {CoRR},
  volume       = {abs/2303.06676},
  year         = {2023},
  eprinttype    = {arXiv},
  eprint       = {2303.06676},
  timestamp    = {Fri, 17 Mar 2023 08:34:48 +0100},
}

@article{AkbarpourP10,
  author       = {Behzad Akbarpour and
                  Lawrence C. Paulson},
  title        = {MetiTarski: An Automatic Theorem Prover for Real-Valued Special Functions},
  journal      = {J. Autom. Reason.},
  volume       = {44},
  number       = {3},
  pages        = {175--205},
  year         = {2010},
  url          = {https://doi.org/10.1007/s10817-009-9149-2},
  doi          = {10.1007/s10817-009-9149-2},
  timestamp    = {Wed, 02 Sep 2020 13:29:42 +0200},
  biburl       = {https://dblp.org/rec/journals/jar/AkbarpourP10.bib},
  bibsource    = {dblp computer science bibliography, https://dblp.org}
}

@inproceedings{LiXZ23,
  author       = {Haokun Li and
                  Bican Xia and
                  Tianqi Zhao},
  editor       = {Constantin Enea and
                  Akash Lal},
  title        = {Local Search for Solving Satisfiability of Polynomial Formulas},
  booktitle    = {Computer Aided Verification - 35th International Conference, {CAV}, 2023},
  series       = {Lecture Notes in Computer Science},
  volume       = {13965},
  pages        = {87--109},
  publisher    = {Springer},
  year         = {2023},
  timestamp    = {Sat, 05 Aug 2023 00:01:30 +0200},
  biburl       = {https://dblp.org/rec/conf/cav/LiXZ23.bib},
  bibsource    = {dblp computer science bibliography, https://dblp.org}
}

@inproceedings{ThorntonPBF04,
  author       = {John Thornton and
                  Duc Nghia Pham and
                  Stuart Bain and
                  Valnir Ferreira Jr.},
  editor       = {Deborah L. McGuinness and
                  George Ferguson},
  title        = {Additive versus Multiplicative Clause Weighting for {SAT}},
  booktitle    = {Proceedings of the Nineteenth National Conference on Artificial Intelligence,
                  Sixteenth Conference on Innovative Applications of Artificial Intelligence,
                  July 25-29, 2004, San Jose, California, {USA}},
  pages        = {191--196},
  publisher    = {{AAAI} Press / The {MIT} Press},
  year         = {2004},
  url          = {http://www.aaai.org/Library/AAAI/2004/aaai04-031.php},
  timestamp    = {Wed, 10 Feb 2021 08:43:24 +0100},
  biburl       = {https://dblp.org/rec/conf/aaai/ThorntonPBF04.bib},
  bibsource    = {dblp computer science bibliography, https://dblp.org}
}

@inproceedings{CimattiMT12,
  author       = {Alessandro Cimatti and
                  Sergio Mover and
                  Stefano Tonetta},
  editor       = {Gianpiero Cabodi and
                  Satnam Singh},
  title        = {A quantifier-free {SMT} encoding of non-linear hybrid automata},
  booktitle    = {Formal Methods in Computer-Aided Design, {FMCAD} 2012, Cambridge,
                  UK, October 22-25, 2012},
  pages        = {187--195},
  publisher    = {{IEEE}},
  year         = {2012},
  url          = {https://ieeexplore.ieee.org/document/6462573/},
  timestamp    = {Mon, 09 Aug 2021 15:21:44 +0200},
  biburl       = {https://dblp.org/rec/conf/fmcad/CimattiMT12.bib},
  bibsource    = {dblp computer science bibliography, https://dblp.org}
}

@article{LeikeH15,
  author       = {Jan Leike and
                  Matthias Heizmann},
  title        = {Ranking Templates for Linear Loops},
  journal      = {Log. Methods Comput. Sci.},
  volume       = {11},
  number       = {1},
  year         = {2015},
  url          = {https://doi.org/10.2168/LMCS-11(1:16)2015},
  doi          = {10.2168/LMCS-11(1:16)2015},
  timestamp    = {Thu, 25 Jun 2020 21:29:00 +0200},
  biburl       = {https://dblp.org/rec/journals/corr/LeikeH15.bib},
  bibsource    = {dblp computer science bibliography, https://dblp.org}
}

@inproceedings{HeizmannHLP13,
  author       = {Matthias Heizmann and
                  Jochen Hoenicke and
                  Jan Leike and
                  Andreas Podelski},
  editor       = {Dang Van Hung and
                  Mizuhito Ogawa},
  title        = {Linear Ranking for Linear Lasso Programs},
  booktitle    = {Automated Technology for Verification and Analysis - 11th International
                  Symposium, {ATVA} 2013, Hanoi, Vietnam, October 15-18, 2013. Proceedings},
  series       = {Lecture Notes in Computer Science},
  volume       = {8172},
  pages        = {365--380},
  publisher    = {Springer},
  year         = {2013},
  url          = {https://doi.org/10.1007/978-3-319-02444-8\_26},
  doi          = {10.1007/978-3-319-02444-8\_26},
  timestamp    = {Mon, 16 Sep 2019 15:23:42 +0200},
  biburl       = {https://dblp.org/rec/conf/atva/HeizmannHLP13.bib},
  bibsource    = {dblp computer science bibliography, https://dblp.org}
}

@inproceedings{SusmanL16,
  author       = {Benjamin Susman and
                  Yuliya Lierler},
  editor       = {Manuel Carro and
                  Andy King and
                  Neda Saeedloei and
                  Marina De Vos},
  title        = {{SMT}-Based Constraint Answer Set Solver {EZSMT} (System Description)},
  booktitle    = {Technical Communications of the 32nd International Conference on Logic
                  Programming, {ICLP} 2016 TCs, October 16-21, 2016, New York City,
                  {USA}},
  series       = {OASIcs},
  volume       = {52},
  pages        = {1:1--1:15},
  publisher    = {Schloss Dagstuhl - Leibniz-Zentrum f{\"{u}}r Informatik},
  year         = {2016},
  url          = {https://doi.org/10.4230/OASIcs.ICLP.2016.1},
  doi          = {10.4230/OASIcs.ICLP.2016.1},
  timestamp    = {Tue, 15 Feb 2022 09:40:05 +0100},
  biburl       = {https://dblp.org/rec/conf/iclp/SusmanL16.bib},
  bibsource    = {dblp computer science bibliography, https://dblp.org}
}

@inproceedings{ShenL18,
  author       = {Da Shen and
                  Yuliya Lierler},
  editor       = {Michael Thielscher and
                  Francesca Toni and
                  Frank Wolter},
  title        = {{SMT}-Based Constraint Answer Set Solver {EZSMT+} for Non-Tight Programs},
  booktitle    = {Principles of Knowledge Representation and Reasoning: Proceedings
                  of the Sixteenth International Conference, {KR} 2018, Tempe, Arizona,
                  30 October - 2 November 2018},
  pages        = {67--71},
  publisher    = {{AAAI} Press},
  year         = {2018},
  url          = {https://aaai.org/ocs/index.php/KR/KR18/paper/view/18049},
  timestamp    = {Tue, 09 Feb 2021 08:33:51 +0100},
  biburl       = {https://dblp.org/rec/conf/kr/ShenL18.bib},
  bibsource    = {dblp computer science bibliography, https://dblp.org}
}

@inproceedings{AkutsuHT08,
  author       = {Tatsuya Akutsu and
                  Morihiro Hayashida and
                  Takeyuki Tamura},
  editor       = {Katsuhisa Horimoto and
                  Georg Regensburger and
                  Markus Rosenkranz and
                  Hiroshi Yoshida},
  title        = {Algorithms for Inference, Analysis and Control of Boolean Networks},
  booktitle    = {Algebraic Biology, Third International Conference, {AB} 2008, Castle
                  of Hagenberg, Austria, July 31-August 2, 2008, Proceedings},
  series       = {Lecture Notes in Computer Science},
  volume       = {5147},
  pages        = {1--15},
  publisher    = {Springer},
  year         = {2008},
  url          = {https://doi.org/10.1007/978-3-540-85101-1\_1},
  doi          = {10.1007/978-3-540-85101-1\_1},
  timestamp    = {Fri, 09 Apr 2021 18:42:31 +0200},
  biburl       = {https://dblp.org/rec/conf/ab/AkutsuHT08.bib},
  bibsource    = {dblp computer science bibliography, https://dblp.org}
}

@inproceedings{CaiLZ22,
  author       = {Shaowei Cai and
                  Bohan Li and
                  Xindi Zhang},
  editor       = {Sharon Shoham and
                  Yakir Vizel},
  title        = {Local Search for {SMT} on Linear Integer Arithmetic},
  booktitle    = {Computer Aided Verification - 34th International Conference, {CAV}},
  publisher    = {Springer},
  year         = {2022},
  timestamp    = {Fri, 17 Mar 2023 08:34:48 +0100},
  biburl       = {https://dblp.org/rec/conf/cav/CaiLZ22.bib},
  bibsource    = {dblp computer science bibliography, https://dblp.org}
}

@inproceedings{Caviness2004QuantifierEA,
  title={Quantifier Elimination and Cylindrical Algebraic Decomposition},
  author={B. F. Caviness and Jeremy R. Johnson},
  booktitle={Texts and Monographs in Symbolic Computation},
  year={2004}
}

@article{NieuwenhuisOT06,
  author       = {Robert Nieuwenhuis and
                  Albert Oliveras and
                  Cesare Tinelli},
  title        = {Solving {SAT} and {SAT} Modulo Theories: From an abstract {D}avis--{P}utnam--{L}ogemann--{L}oveland
                  procedure to {DPLL}(\emph{T})},
  journal      = {J. {ACM}},
  volume       = {53},
  number       = {6},
  pages        = {937--977},
  year         = {2006},
  url          = {https://doi.org/10.1145/1217856.1217859},
  doi          = {10.1145/1217856.1217859},
  timestamp    = {Sun, 02 Oct 2022 15:39:52 +0200},
  biburl       = {https://dblp.org/rec/journals/jacm/NieuwenhuisOT06.bib},
  bibsource    = {dblp computer science bibliography, https://dblp.org}
}

@inproceedings{JovanovicM12,
  author       = {Dejan Jovanovic and
                  Leonardo Mendon{\c{c}}a de Moura},
  editor       = {Bernhard Gramlich and
                  Dale Miller and
                  Uli Sattler},
  title        = {Solving Non-linear Arithmetic},
  booktitle    = {Automated Reasoning - 6th International Joint Conference, {IJCAR}
                  2012, Manchester, UK, June 26-29, 2012. Proceedings},
  series       = {Lecture Notes in Computer Science},
  volume       = {7364},
  pages        = {339--354},
  publisher    = {Springer},
  year         = {2012},
  url          = {https://doi.org/10.1007/978-3-642-31365-3\_27},
  doi          = {10.1007/978-3-642-31365-3\_27},
  timestamp    = {Tue, 14 May 2019 10:00:39 +0200},
  biburl       = {https://dblp.org/rec/conf/cade/JovanovicM12.bib},
  bibsource    = {dblp computer science bibliography, https://dblp.org}
}

@inproceedings{MouraJ13,
  author       = {Leonardo Mendon{\c{c}}a de Moura and
                  Dejan Jovanovic},
  editor       = {Roberto Giacobazzi and
                  Josh Berdine and
                  Isabella Mastroeni},
  title        = {A Model-Constructing Satisfiability Calculus},
  booktitle    = {Verification, Model Checking, and Abstract Interpretation, 14th International
                  Conference, {VMCAI} 2013, Rome, Italy, January 20-22, 2013. Proceedings},
  series       = {Lecture Notes in Computer Science},
  volume       = {7737},
  pages        = {1--12},
  publisher    = {Springer},
  year         = {2013},
  url          = {https://doi.org/10.1007/978-3-642-35873-9\_1},
  doi          = {10.1007/978-3-642-35873-9\_1},
  timestamp    = {Tue, 14 May 2019 10:00:43 +0200},
  biburl       = {https://dblp.org/rec/conf/vmcai/MouraJ13.bib},
  bibsource    = {dblp computer science bibliography, https://dblp.org}
}

@phdthesis{Kremer20,
  author       = {Gereon Kremer},
  title        = {Cylindrical algebraic decomposition for nonlinear arithmetic problems},
  school       = {{RWTH} Aachen University, Germany},
  year         = {2020},
  url          = {https://publications.rwth-aachen.de/record/792185},
  urn          = {urn:nbn:de:101:1-2020080423295652975325},
  timestamp    = {Sat, 17 Jul 2021 09:07:32 +0200},
  biburl       = {https://dblp.org/rec/phd/dnb/Kremer20.bib},
  bibsource    = {dblp computer science bibliography, https://dblp.org}
}

@inproceedings{SelmanLM92,
  author       = {Bart Selman and
                  Hector J. Levesque and
                  David G. Mitchell},
  editor       = {William R. Swartout},
  title        = {A New Method for Solving Hard Satisfiability Problems},
  booktitle    = {Proceedings of the 10th National Conference on Artificial Intelligence,
                  San Jose, CA, USA, July 12-16, 1992},
  pages        = {440--446},
  publisher    = {{AAAI} Press / The {MIT} Press},
  year         = {1992},
  url          = {http://www.aaai.org/Library/AAAI/1992/aaai92-068.php},
  timestamp    = {Tue, 19 Jun 2018 18:21:00 +0200},
  biburl       = {https://dblp.org/rec/conf/aaai/SelmanLM92.bib},
  bibsource    = {dblp computer science bibliography, https://dblp.org}
}

@book{HoosS2004,
  author       = {Holger H. Hoos and
                  Thomas St{\"{u}}tzle},
  title        = {Stochastic Local Search: Foundations {\&} Applications},
  publisher    = {Elsevier / Morgan Kaufmann},
  year         = {2004},
  isbn         = {1-55860-872-9},
  timestamp    = {Mon, 17 Sep 2007 20:11:49 +0200},
  biburl       = {https://dblp.org/rec/books/mk/HoosS2004.bib},
  bibsource    = {dblp computer science bibliography, https://dblp.org}
}

@inproceedings{MouraB08,
  author       = {Leonardo Mendon{\c{c}}a de Moura and
                  Nikolaj S. Bj{\o}rner},
  editor       = {C. R. Ramakrishnan and
                  Jakob Rehof},
  title        = {{Z3:} An Efficient {SMT} Solver},
  booktitle    = {Tools and Algorithms for the Construction and Analysis of Systems,
                  14th International Conference, {TACAS} 2008, Held as Part of the Joint
                  European Conferences on Theory and Practice of Software, {ETAPS} 2008,
                  Budapest, Hungary, March 29-April 6, 2008. Proceedings},
  series       = {Lecture Notes in Computer Science},
  volume       = {4963},
  pages        = {337--340},
  publisher    = {Springer},
  year         = {2008},
  url          = {https://doi.org/10.1007/978-3-540-78800-3\_24},
  doi          = {10.1007/978-3-540-78800-3\_24},
  timestamp    = {Mon, 03 Apr 2023 17:23:33 +0200},
  biburl       = {https://dblp.org/rec/conf/tacas/MouraB08.bib},
  bibsource    = {dblp computer science bibliography, https://dblp.org}
}

@incollection{BarrettT18,
  author       = {Clark W. Barrett and
                  Cesare Tinelli},
  editor       = {Edmund M. Clarke and
                  Thomas A. Henzinger and
                  Helmut Veith and
                  Roderick Bloem},
  title        = {Satisfiability Modulo Theories},
  booktitle    = {Handbook of Model Checking},
  pages        = {305--343},
  publisher    = {Springer},
  year         = {2018},
  url          = {https://doi.org/10.1007/978-3-319-10575-8\_11},
  doi          = {10.1007/978-3-319-10575-8\_11},
  timestamp    = {Mon, 03 Jan 2022 22:13:30 +0100},
  biburl       = {https://dblp.org/rec/reference/mc/BarrettT18.bib},
  bibsource    = {dblp computer science bibliography, https://dblp.org}
}

@MISC{BarFT-SMTLIB,
  author =	 {Clark Barrett and Pascal Fontaine and Cesare Tinelli},
  title =	 {{The Satisfiability Modulo Theories Library (SMT-LIB)}},
  howpublished = {{\tt www.SMT-LIB.org}},
  year =	 2016,
}

@inproceedings{CaiZ21,
  author       = {Shaowei Cai and
                  Xindi Zhang},
  editor       = {Chu{-}Min Li and
                  Felip Many{\`{a}}},
  title        = {Deep Cooperation of {CDCL} and Local Search for {SAT}},
  booktitle    = {Theory and Applications of Satisfiability Testing - {SAT} 2021 - 24th
                  International Conference, Barcelona, Spain, July 5-9, 2021, Proceedings},
  series       = {Lecture Notes in Computer Science},
  volume       = {12831},
  pages        = {64--81},
  publisher    = {Springer},
  year         = {2021},
  url          = {https://doi.org/10.1007/978-3-030-80223-3\_6},
  doi          = {10.1007/978-3-030-80223-3\_6},
  timestamp    = {Fri, 17 Mar 2023 08:34:48 +0100},
  biburl       = {https://dblp.org/rec/conf/sat/CaiZ21.bib},
  bibsource    = {dblp computer science bibliography, https://dblp.org}
}

@article{CaiZFB22,
  author       = {Shaowei Cai and
                  Xindi Zhang and
                  Mathias Fleury and
                  Armin Biere},
  title        = {Better Decision Heuristics in {CDCL} through Local Search and Target
                  Phases},
  journal      = {J. Artif. Intell. Res.},
  volume       = {74},
  pages        = {1515--1563},
  year         = {2022},
  url          = {https://doi.org/10.1613/jair.1.13666},
  doi          = {10.1613/jair.1.13666},
  timestamp    = {Fri, 17 Mar 2023 08:34:48 +0100},
  biburl       = {https://dblp.org/rec/journals/jair/CaiZFB22.bib},
  bibsource    = {dblp computer science bibliography, https://dblp.org}
}

@inproceedings{GaoKC13,
  author       = {Sicun Gao and
                  Soonho Kong and
                  Edmund M. Clarke},
  editor       = {Maria Paola Bonacina},
  title        = {dReal: An {SMT} Solver for Nonlinear Theories over the Reals},
  booktitle    = {Automated Deduction - {CADE-24} - 24th International Conference on
                  Automated Deduction, Lake Placid, NY, USA, June 9-14, 2013. Proceedings},
  series       = {Lecture Notes in Computer Science},
  volume       = {7898},
  pages        = {208--214},
  publisher    = {Springer},
  year         = {2013},
  url          = {https://doi.org/10.1007/978-3-642-38574-2\_14},
  doi          = {10.1007/978-3-642-38574-2\_14},
  timestamp    = {Tue, 14 May 2019 10:00:39 +0200},
  biburl       = {https://dblp.org/rec/conf/cade/GaoKC13.bib},
  bibsource    = {dblp computer science bibliography, https://dblp.org}
}

@inproceedings{GaoAC12IJCAR,
  author       = {Sicun Gao and
                  Jeremy Avigad and
                  Edmund M. Clarke},
  editor       = {Bernhard Gramlich and
                  Dale Miller and
                  Uli Sattler},
  title        = {{\(\delta\)}-Complete Decision Procedures for Satisfiability over
                  the Reals},
  booktitle    = {Automated Reasoning - 6th International Joint Conference, {IJCAR}
                  2012, Manchester, UK, June 26-29, 2012. Proceedings},
  series       = {Lecture Notes in Computer Science},
  volume       = {7364},
  pages        = {286--300},
  publisher    = {Springer},
  year         = {2012},
  url          = {https://doi.org/10.1007/978-3-642-31365-3\_23},
  doi          = {10.1007/978-3-642-31365-3\_23},
  timestamp    = {Tue, 14 May 2019 10:00:39 +0200},
  biburl       = {https://dblp.org/rec/conf/cade/GaoAC12.bib},
  bibsource    = {dblp computer science bibliography, https://dblp.org}
}

@inproceedings{GaoAC12LICS,
  author       = {Sicun Gao and
                  Jeremy Avigad and
                  Edmund M. Clarke},
  title        = {Delta-Decidability over the Reals},
  booktitle    = {Proceedings of the 27th Annual {IEEE} Symposium on Logic in Computer
                  Science, {LICS} 2012, Dubrovnik, Croatia, June 25-28, 2012},
  pages        = {305--314},
  publisher    = {{IEEE} Computer Society},
  year         = {2012},
  url          = {https://doi.org/10.1109/LICS.2012.41},
  doi          = {10.1109/LICS.2012.41},
  timestamp    = {Fri, 24 Mar 2023 00:01:50 +0100},
  biburl       = {https://dblp.org/rec/conf/lics/GaoAC12.bib},
  bibsource    = {dblp computer science bibliography, https://dblp.org}
}

@inproceedings{FrohlichBWH15,
  author       = {Andreas Fr{\"{o}}hlich and
                  Armin Biere and
                  Christoph M. Wintersteiger and
                  Youssef Hamadi},
  editor       = {Blai Bonet and
                  Sven Koenig},
  title        = {Stochastic Local Search for Satisfiability Modulo Theories},
  booktitle    = {Proceedings of the Twenty-Ninth {AAAI} Conference on Artificial Intelligence,
                  January 25-30, 2015, Austin, Texas, {USA}},
  pages        = {1136--1143},
  publisher    = {{AAAI} Press},
  year         = {2015},
  url          = {http://www.aaai.org/ocs/index.php/AAAI/AAAI15/paper/view/9896},
  timestamp    = {Wed, 10 Feb 2021 08:43:24 +0100},
  biburl       = {https://dblp.org/rec/conf/aaai/FrohlichBWH15.bib},
  bibsource    = {dblp computer science bibliography, https://dblp.org}
}

@inproceedings{NiemetzPB16,
  author       = {Aina Niemetz and
                  Mathias Preiner and
                  Armin Biere},
  editor       = {Swarat Chaudhuri and
                  Azadeh Farzan},
  title        = {Precise and Complete Propagation Based Local Search for Satisfiability
                  Modulo Theories},
  booktitle    = {Computer Aided Verification - 28th International Conference, {CAV}
                  2016, Toronto, ON, Canada, July 17-23, 2016, Proceedings, Part {I}},
  series       = {Lecture Notes in Computer Science},
  volume       = {9779},
  pages        = {199--217},
  publisher    = {Springer},
  year         = {2016},
  url          = {https://doi.org/10.1007/978-3-319-41528-4\_11},
  doi          = {10.1007/978-3-319-41528-4\_11},
  timestamp    = {Mon, 16 Sep 2019 15:22:35 +0200},
  biburl       = {https://dblp.org/rec/conf/cav/NiemetzPB16.bib},
  bibsource    = {dblp computer science bibliography, https://dblp.org}
}

@inproceedings{GriggioPST11,
  author       = {Alberto Griggio and
                  Quoc{-}Sang Phan and
                  Roberto Sebastiani and
                  Silvia Tomasi},
  editor       = {Cesare Tinelli and
                  Viorica Sofronie{-}Stokkermans},
  title        = {Stochastic Local Search for {SMT:} Combining Theory Solvers with WalkSAT},
  booktitle    = {Frontiers of Combining Systems, 8th International Symposium, FroCoS
                  2011, Saarbr{\"{u}}cken, Germany, October 5-7, 2011. Proceedings},
  series       = {Lecture Notes in Computer Science},
  volume       = {6989},
  pages        = {163--178},
  publisher    = {Springer},
  year         = {2011},
  url          = {https://doi.org/10.1007/978-3-642-24364-6\_12},
  doi          = {10.1007/978-3-642-24364-6\_12},
  timestamp    = {Fri, 09 Apr 2021 18:39:41 +0200},
  biburl       = {https://dblp.org/rec/conf/frocos/GriggioPST11.bib},
  bibsource    = {dblp computer science bibliography, https://dblp.org}
}

@inproceedings{Niemetz2015ImprovingLS,
  title={Improving Local Search for Bit-Vector Logics in SMT with Path Propagation},
  author={Aina Niemetz and Mathias Preiner and Andreas Fr{\"o}hlich and Armin Biere},
  year={2015}
}

@inproceedings{BarbosaBBKLMMMN22,
  author       = {Haniel Barbosa and
                  Clark W. Barrett and
                  Martin Brain and
                  Gereon Kremer and
                  Hanna Lachnitt and
                  Makai Mann and
                  Abdalrhman Mohamed and
                  Mudathir Mohamed and
                  Aina Niemetz and
                  Andres N{\"{o}}tzli and
                  Alex Ozdemir and
                  Mathias Preiner and
                  Andrew Reynolds and
                  Ying Sheng and
                  Cesare Tinelli and
                  Yoni Zohar},
  editor       = {Dana Fisman and
                  Grigore Rosu},
  title        = {cvc5: {A} Versatile and Industrial-Strength {SMT} Solver},
  booktitle    = {Tools and Algorithms for the Construction and Analysis of Systems
                  - 28th International Conference, {TACAS} 2022, Held as Part of the
                  European Joint Conferences on Theory and Practice of Software, {ETAPS}
                  2022, Munich, Germany, April 2-7, 2022, Proceedings, Part {I}},
  series       = {Lecture Notes in Computer Science},
  volume       = {13243},
  pages        = {415--442},
  publisher    = {Springer},
  year         = {2022},
  url          = {https://doi.org/10.1007/978-3-030-99524-9\_24},
  doi          = {10.1007/978-3-030-99524-9\_24},
  timestamp    = {Fri, 29 Apr 2022 14:50:36 +0200},
  biburl       = {https://dblp.org/rec/conf/tacas/BarbosaBBKLMMMN22.bib},
  bibsource    = {dblp computer science bibliography, https://dblp.org}
}

@inproceedings{Dutertre14,
  author       = {Bruno Dutertre},
  editor       = {Armin Biere and
                  Roderick Bloem},
  title        = {Yices 2.2},
  booktitle    = {Computer Aided Verification - 26th International Conference, {CAV}
                  2014, Held as Part of the Vienna Summer of Logic, {VSL} 2014, Vienna,
                  Austria, July 18-22, 2014. Proceedings},
  series       = {Lecture Notes in Computer Science},
  volume       = {8559},
  pages        = {737--744},
  publisher    = {Springer},
  year         = {2014},
  url          = {https://doi.org/10.1007/978-3-319-08867-9\_49},
  doi          = {10.1007/978-3-319-08867-9\_49},
  timestamp    = {Mon, 03 Jan 2022 22:13:44 +0100},
  biburl       = {https://dblp.org/rec/conf/cav/Dutertre14.bib},
  bibsource    = {dblp computer science bibliography, https://dblp.org}
}

@article{AbrahamDEK21,
  author       = {Erika {\'{A}}brah{\'{a}}m and
                  James H. Davenport and
                  Matthew England and
                  Gereon Kremer},
  title        = {Deciding the consistency of non-linear real arithmetic constraints
                  with a conflict driven search using cylindrical algebraic coverings},
  journal      = {J. Log. Algebraic Methods Program.},
  volume       = {119},
  pages        = {100633},
  year         = {2021},
  url          = {https://doi.org/10.1016/j.jlamp.2020.100633},
  doi          = {10.1016/j.jlamp.2020.100633},
  timestamp    = {Mon, 31 Jan 2022 07:36:50 +0100},
  biburl       = {https://dblp.org/rec/journals/jlap/AbrahamDEK21.bib},
  bibsource    = {dblp computer science bibliography, https://dblp.org}
}

@article{LiXZZ23,
  author       = {Haokun Li and
                  Bican Xia and
                  Huiying Zhang and
                  Tao Zheng},
  title        = {Choosing better variable orderings for cylindrical algebraic decomposition
                  via exploiting chordal structure},
  journal      = {J. Symb. Comput.},
  volume       = {116},
  pages        = {324--344},
  year         = {2023},
  url          = {https://doi.org/10.1016/j.jsc.2022.10.009},
  doi          = {10.1016/j.jsc.2022.10.009},
  timestamp    = {Wed, 04 Jan 2023 17:50:27 +0100},
  biburl       = {https://dblp.org/rec/journals/jsc/LiXZZ23.bib},
  bibsource    = {dblp computer science bibliography, https://dblp.org}
}

@article{CimattiGIRS18,
  author       = {Alessandro Cimatti and
                  Alberto Griggio and
                  Ahmed Irfan and
                  Marco Roveri and
                  Roberto Sebastiani},
  title        = {Incremental Linearization for Satisfiability and Verification Modulo
                  Nonlinear Arithmetic and Transcendental Functions},
  journal      = {{ACM} Trans. Comput. Log.},
  volume       = {19},
  number       = {3},
  pages        = {19:1--19:52},
  year         = {2018},
  url          = {https://doi.org/10.1145/3230639},
  doi          = {10.1145/3230639},
  timestamp    = {Fri, 09 Apr 2021 18:33:35 +0200},
  biburl       = {https://dblp.org/rec/journals/tocl/CimattiGIRS18.bib},
  bibsource    = {dblp computer science bibliography, https://dblp.org}
}

@inproceedings{KhanhO12,
  author       = {To Van Khanh and
                  Mizuhito Ogawa},
  editor       = {Bertrand Jeannet},
  title        = {{SMT} for Polynomial Constraints on Real Numbers},
  booktitle    = {Third Workshop on Tools for Automatic Program Analysis, {TAPAS} 2012,
                  Deauville, France, September 14, 2012},
  series       = {Electronic Notes in Theoretical Computer Science},
  volume       = {289},
  pages        = {27--40},
  publisher    = {Elsevier},
  year         = {2012},
  url          = {https://doi.org/10.1016/j.entcs.2012.11.004},
  doi          = {10.1016/j.entcs.2012.11.004},
  timestamp    = {Fri, 25 Nov 2022 14:47:44 +0100},
  biburl       = {https://dblp.org/rec/journals/entcs/KhanhO12.bib},
  bibsource    = {dblp computer science bibliography, https://dblp.org}
}

@article{TungKO17,
  author       = {Vu Xuan Tung and
                  To Van Khanh and
                  Mizuhito Ogawa},
  title        = {ra{SAT}: an {SMT} solver for polynomial constraints},
  journal      = {Formal Methods Syst. Des.},
  volume       = {51},
  number       = {3},
  pages        = {462--499},
  year         = {2017},
  url          = {https://doi.org/10.1007/s10703-017-0284-9},
  doi          = {10.1007/s10703-017-0284-9},
  timestamp    = {Fri, 13 Mar 2020 10:55:12 +0100},
  biburl       = {https://dblp.org/rec/journals/fmsd/TungKO17.bib},
  bibsource    = {dblp computer science bibliography, https://dblp.org}
}

@book{DBLP:books/daglib/0093574,
  author       = {Fred W. Glover and
                  Manuel Laguna},
  title        = {Tabu Search},
  publisher    = {Kluwer},
  year         = {1997},
  url          = {https://doi.org/10.1007/978-1-4615-6089-0},
  doi          = {10.1007/978-1-4615-6089-0},
  isbn         = {978-0-7923-9965-0},
  timestamp    = {Mon, 22 Jul 2019 15:00:49 +0200},
  biburl       = {https://dblp.org/rec/books/daglib/0093574.bib},
  bibsource    = {dblp computer science bibliography, https://dblp.org}
}

@article{HoosS00,
  author       = {Holger H. Hoos and
                  Thomas St{\"{u}}tzle},
  title        = {Local Search Algorithms for {SAT:} An Empirical Evaluation},
  journal      = {J. Autom. Reason.},
  volume       = {24},
  number       = {4},
  pages        = {421--481},
  year         = {2000},
  url          = {https://doi.org/10.1023/A:1006350622830},
  doi          = {10.1023/A:1006350622830},
  timestamp    = {Wed, 02 Sep 2020 13:29:41 +0200},
  biburl       = {https://dblp.org/rec/journals/jar/HoosS00.bib},
  bibsource    = {dblp computer science bibliography, https://dblp.org}
}

@inproceedings{FontaineOSV17,
  author       = {Pascal Fontaine and
                  Mizuhito Ogawa and
                  Thomas Sturm and
                  Xuan{-}Tung Vu},
  editor       = {Clare Dixon and
                  Marcelo Finger},
  title        = {Subtropical Satisfiability},
  booktitle    = {Frontiers of Combining Systems - 11th International Symposium, FroCoS
                  2017, Bras{\'{\i}}lia, Brazil, September 27-29, 2017, Proceedings},
  series       = {Lecture Notes in Computer Science},
  volume       = {10483},
  pages        = {189--206},
  publisher    = {Springer},
  year         = {2017},
  url          = {https://doi.org/10.1007/978-3-319-66167-4\_11},
  doi          = {10.1007/978-3-319-66167-4\_11},
  timestamp    = {Mon, 28 Aug 2023 21:17:55 +0200},
  biburl       = {https://dblp.org/rec/conf/frocos/FontaineOSV17.bib},
  bibsource    = {dblp computer science bibliography, https://dblp.org}
}

@inproceedings{NalbachA23,
  author       = {Jasper Nalbach and
                  Erika {\'{A}}brah{\'{a}}m},
  editor       = {Kristin Yvonne Rozier and
                  Swarat Chaudhuri},
  title        = {Subtropical Satisfiability for {SMT} Solving},
  booktitle    = {{NASA} Formal Methods - 15th International Symposium, {NFM} 2023,
                  Houston, TX, USA, May 16-18, 2023, Proceedings},
  series       = {Lecture Notes in Computer Science},
  volume       = {13903},
  pages        = {430--446},
  publisher    = {Springer},
  year         = {2023},
  url          = {https://doi.org/10.1007/978-3-031-33170-1\_26},
  doi          = {10.1007/978-3-031-33170-1\_26},
  timestamp    = {Fri, 07 Jul 2023 23:30:52 +0200},
  biburl       = {https://dblp.org/rec/conf/nfm/NalbachA23.bib},
  bibsource    = {dblp computer science bibliography, https://dblp.org}
}

@inproceedings{CimattiGLS22,
  author       = {Alessandro Cimatti and
                  Alberto Griggio and
                  Enrico Lipparini and
                  Roberto Sebastiani},
  editor       = {Ahmed Bouajjani and
                  Luk{\'{a}}s Hol{\'{\i}}k and
                  Zhilin Wu},
  title        = {Handling Polynomial and Transcendental Functions in {SMT} via Unconstrained
                  Optimisation and Topological Degree Test},
  booktitle    = {Automated Technology for Verification and Analysis - 20th International
                  Symposium, {ATVA} 2022, Virtual Event, October 25-28, 2022, Proceedings},
  series       = {Lecture Notes in Computer Science},
  volume       = {13505},
  pages        = {137--153},
  publisher    = {Springer},
  year         = {2022},
  url          = {https://doi.org/10.1007/978-3-031-19992-9\_9},
  doi          = {10.1007/978-3-031-19992-9\_9},
  timestamp    = {Sun, 06 Aug 2023 20:52:16 +0200},
  biburl       = {https://dblp.org/rec/conf/atva/CimattiGLS22.bib},
  bibsource    = {dblp computer science bibliography, https://dblp.org}
}

@inproceedings{NiWX23,
    author = {Xinpeng Ni and Yulun Wu and Bican Xia},
    title = {Solving SMT over non-linear real arithmetic via
numerical sampling and symbolic verification},
    booktitle = {{SETTA} 2023},
    year = {2023}
}

@article{LiXZ23b,
    author = {Haokun Li and Bican Xia and Tianqi Zhao},
    title = {Square-Free Pure Triangular Decomposition of Zero-Dimensional Polynomial Systems},
    journal = {J. Syst. Sci. Compl.},
    year = {2023}
}